<record><leader>01133cam a2200325 a 4500</leader><controlfield tag="001">1303635</controlfield><controlfield tag="008">900726s1985    ctua     c        0 eng d</controlfield><datafield ind1=" " ind2=" " tag="010"><subfield code="a">   85051355</subfield></datafield><datafield ind1=" " ind2=" " tag="020"><subfield code="a">0930606485 (pbk.)</subfield></datafield><datafield ind1=" " ind2=" " tag="035"><subfield code="a">ocm13422488</subfield></datafield><datafield ind1=" " ind2=" " tag="040"><subfield code="a">DLC</subfield><subfield code="b">eng</subfield><subfield code="c">DLC</subfield></datafield><datafield ind1=" " ind2=" " tag="043"><subfield code="a">e-uk---</subfield></datafield><datafield ind1=" " ind2=" " tag="049"><subfield code="a">AEU</subfield><subfield code="b">eng</subfield></datafield><datafield ind1="0" ind2="0" tag="050"><subfield code="a">ND464</subfield><subfield code="b">.Y35 1985</subfield></datafield><datafield ind1="0" ind2=" " tag="082"><subfield code="a">759.2/074/01468</subfield><subfield code="2">19</subfield></datafield><datafield ind1="0" ind2=" " tag="090"><subfield code="a">ND 464 Y17 1985</subfield></datafield><datafield ind1="2" ind2=" " tag="110"><subfield code="a">Yale Center for British Art.</subfield></datafield><datafield ind1="1" ind2="2" tag="245"><subfield code="a">A concise catalogue of paintings in the Yale Center for British Art /</subfield><subfield code="c">by Malcolm Cormack.</subfield></datafield><datafield ind1=" " ind2=" " tag="260"><subfield code="a">New Haven, Conn. :</subfield><subfield code="b">The Center,</subfield><subfield code="c">1985.</subfield></datafield><datafield ind1=" " ind2=" " tag="300"><subfield code="a">271 p. :</subfield><subfield code="b">ill. ;</subfield><subfield code="c">24 cm.</subfield></datafield><datafield ind1=" " ind2=" " tag="336"><subfield code="a">text</subfield><subfield code="b">txt</subfield><subfield code="2">rdacontent</subfield></datafield><datafield ind1=" " ind2=" " tag="337"><subfield code="a">unmediated</subfield><subfield code="b">n</subfield><subfield code="2">rdamedia</subfield></datafield><datafield ind1=" " ind2=" " tag="338"><subfield code="a">volume</subfield><subfield code="b">nc</subfield><subfield code="2">rdacarrier</subfield></datafield><datafield ind1=" " ind2=" " tag="596"><subfield code="a">43</subfield></datafield><datafield ind1="2" ind2="0" tag="610"><subfield code="a">Yale Center for British Art</subfield><subfield code="v">Catalogs.</subfield></datafield><datafield ind1=" " ind2="0" tag="650"><subfield code="a">Painting, British</subfield><subfield code="v">Catalogs.</subfield></datafield><datafield ind1=" " ind2="0" tag="650"><subfield code="a">Painting, Modern</subfield><subfield code="z">Great Britain</subfield><subfield code="v">Catalogs.</subfield></datafield><datafield ind1=" " ind2="0" tag="650"><subfield code="a">Painting</subfield><subfield code="z">Connecticut</subfield><subfield code="z">New Haven</subfield><subfield code="v">Catalogs.</subfield></datafield><datafield ind1="1" ind2=" " tag="700"><subfield code="a">Cormack, Malcolm.</subfield></datafield><datafield ind1=" " ind2=" " tag="926"><subfield code="a">ND 464 Y17 1985</subfield><subfield code="w">LC</subfield><subfield code="c">1</subfield><subfield code="i">000033149246</subfield><subfield code="d">12/1/2004</subfield><subfield code="e">11/2/2004</subfield><subfield code="l">ON_SHELF</subfield><subfield code="m">UAHSS</subfield><subfield code="n">3</subfield><subfield code="p">$150.00</subfield><subfield code="r">Y</subfield><subfield code="s">Y</subfield><subfield code="t">BOOK</subfield><subfield code="u">7/31/1990</subfield></datafield></record>